<record><leader>00000cas a2200000 a 4500</leader><controlfield tag="001">37041740</controlfield><controlfield tag="008">970610d18871896oruwr ne      0    0eng c</controlfield><datafield ind1=" " ind2=" " tag="010"><subfield code="a">sn 96088250 </subfield></datafield><datafield ind1=" " ind2=" " tag="040"><subfield code="a">OCN</subfield><subfield code="b">eng</subfield><subfield code="c">OCN</subfield><subfield code="d">OCLCQ</subfield><subfield code="d">ORU</subfield><subfield code="d">DLC</subfield><subfield code="d">OCLCQ</subfield><subfield code="d">OCLCF</subfield><subfield code="d">OCLCO</subfield></datafield><datafield ind1=" " ind2=" " tag="042"><subfield code="a">pcc</subfield></datafield><datafield ind1=" " ind2=" " tag="043"><subfield code="a">n-us-or</subfield></datafield><datafield ind1="0" ind2="0" tag="245"><subfield code="a">East Oregon herald.</subfield></datafield><datafield ind1="1" ind2="3" tag="246"><subfield code="a">Semi-weekly herald</subfield></datafield><datafield ind1=" " ind2=" " tag="260"><subfield code="a">Burns, Grant County, Or. :</subfield><subfield code="b">D.L. Grace,</subfield><subfield code="c">1887-1896.</subfield></datafield><datafield ind1=" " ind2=" " tag="300"><subfield code="a">9 v.</subfield></datafield><datafield ind1=" " ind2=" " tag="310"><subfield code="a">Weekly,</subfield><subfield code="b">&lt;Jan. 13, 1892&gt;-July 15, 1896</subfield></datafield><datafield ind1=" " ind2=" " tag="321"><subfield code="a">Weekly,</subfield><subfield code="b">Nov. 23, 1887-May 6, 1891</subfield></datafield><datafield ind1=" " ind2=" " tag="321"><subfield code="a">Semiweekly,</subfield><subfield code="b">May 9, 1891-&lt;Dec. 23, 1891&gt;</subfield></datafield><datafield ind1="0" ind2=" " tag="362"><subfield code="a">Vol. 1, no. 1 (Nov. 23, 1887)-v. 9, no. 33 (July 15, 1896).</subfield></datafield><datafield ind1=" " ind2=" " tag="530"><subfield code="a">Al=so available on microfilm from University of Oregon.</subfield></datafield><datafield ind1=" " ind2=" " tag="580"><subfield code="a">Merged with: Burns times, to form: Times-herald (Burns, Or.).</subfield></datafield><datafield ind1=" " ind2="0" tag="651"><subfield code="a">Burns (Or.)</subfield><subfield code="v">Newspapers.</subfield></datafield><datafield ind1=" " ind2="7" tag="655"><subfield code="a">Newspapers.</subfield><subfield code="2">fast</subfield><subfield code="0">(OCoLC)fst01423814</subfield></datafield><datafield ind1=" " ind2="7" tag="651"><subfield code="a">Oregon</subfield><subfield code="z">Burns.</subfield><subfield code="2">fast</subfield><subfield code="0">(OCoLC)fst01217109</subfield></datafield><datafield ind1=" " ind2=" " tag="752"><subfield code="a">United States</subfield><subfield code="b">Oregon</subfield><subfield code="c">Harney</subfield><subfield code="d">Burns.</subfield></datafield><datafield ind1="1" ind2="7" tag="785"><subfield code="t">Burns times</subfield></datafield><datafield ind1="1" ind2="7" tag="785"><subfield code="t">Times-herald (Burns, Or.)</subfield><subfield code="x">2163-7997</subfield><subfield code="w">(DLC)sn 96088246</subfield><subfield code="w">(OCoLC)37041779</subfield></datafield></record>